<record><leader>00000cas a22000007a 4500</leader><controlfield tag="001">23175165</controlfield><controlfield tag="008">910301d18uu19uucoudn ne      0    0eng d</controlfield><datafield ind1=" " ind2=" " tag="010"><subfield code="a">sn 91052258 </subfield></datafield><datafield ind1=" " ind2=" " tag="040"><subfield code="a">CNQ</subfield><subfield code="b">eng</subfield><subfield code="c">CNQ</subfield><subfield code="d">OCLCQ</subfield></datafield><datafield ind1=" " ind2=" " tag="042"><subfield code="a">msc</subfield></datafield><datafield ind1="0" ind2="4" tag="245"><subfield code="a">The Lead daily pioneer-times.</subfield></datafield><datafield ind1=" " ind2=" " tag="260"><subfield code="a">Lead, S.D. :</subfield><subfield code="b">W.H. Bonham</subfield></datafield><datafield ind1=" " ind2=" " tag="300"><subfield code="a">v.</subfield></datafield><datafield ind1=" " ind2=" " tag="310"><subfield code="a">Daily (except Mon.)</subfield></datafield><datafield ind1=" " ind2=" " tag="580"><subfield code="a">Issued with: Daily pioneer-times.</subfield></datafield><datafield ind1=" " ind2=" " tag="588"><subfield code="a">Description based on: 29th year (Oct. 27, 1904).</subfield></datafield><datafield ind1=" " ind2=" " tag="752"><subfield code="a">United States</subfield><subfield code="b">South Dakota</subfield><subfield code="c">Lawrence</subfield><subfield code="d">Lead.</subfield></datafield><datafield ind1="1" ind2=" " tag="777"><subfield code="t">Daily pioneer-times</subfield><subfield code="w">(DLC)sn 88053163</subfield></datafield></record>